<?xml version="1.0" encoding="UTF-8"?><collection xmlns="http://www.loc.gov/MARC21/slim"><record><leader>00432nam--2200133-i-4500</leader><controlfield tag="001">000005189</controlfield><controlfield tag="002">20161230</controlfield><controlfield tag="005">20170222175622</controlfield><controlfield tag="008">060222s1000------------r-----000-0-eng-d</controlfield><datafield ind1=" " ind2=" " tag="100"><subfield code="a">Detering, Karl</subfield></datafield><datafield ind1=" " ind2=" " tag="245"><subfield code="a">Uber die eigenschaften schmelzflussiger aluminiumlegierungen unter besonderer berucksichtigung der viskositat</subfield></datafield><datafield ind1=" " ind2=" " tag="260"><subfield code="a">Stuttgart</subfield><subfield code="b">Technisches Hochschule</subfield><subfield code="c">1959</subfield></datafield><datafield ind1=" " ind2=" " tag="300"><subfield code="a">39 p.+/36p.Tab.</subfield></datafield><datafield ind1=" " ind2=" " tag="CAT"><subfield code="a">SYS</subfield><subfield code="c">20170222</subfield><subfield code="h">175622</subfield></datafield></record></collection>